
% LIVROS
@book{information-systems-steven-alter, 
address={EUA},
author={Alter, Steven},
publisher={Wesley Educational Publishers Inc},
title={Information systems: a management perspective},
edition={3a edition}, 
year={1996}}

@book{bi-barbieri,
address={Rio de Janeiro},
author={Barbieri, Carlos},
publisher={Axel Books do Brasil},
title={BI-\textit{Business Intelligence}: modelagem & tecnologia.}, 
year={2001}}

@book{si-baltzam-phillips, 
address={Porto Alegre},
pages={369},
author={BALTZAN, P., & PHILLIPS},
publisher={AMGH},
title={Sistemas de Informação. (R. Dubal, Trans.)},
year={2012}}

@book{si-laudon-laudon, 
address={Rio de Janeiro},
author={LAUDON, K. C. e LAUDON, J. P},
publisher={Livros Técnicos e Científicos}, 
title={Sistemas de Informação}, 
year={1998}}

@book{kdd-fayyad, 
address={England},
pages={1-34},
author={FAYYAD, Usama; PIATETSKY-SHAPIRO, Gregory; SMYTH, Padhraic}, 
publisher={AAAI Press/The MIT Press}, 
title={From data mining to knowledge discovery: An overview. In: Advances in Knowledge Discovery and Data Mining},
year={1996}}

@book{dw-kimball-1998, 
address={New York},
author={KIMBALL, Ralph; REEVES, Laura; ROSS, Margy & Thornthwaite}, 
publisher={John Wiley & Sons}, 
title={The Data Warehouse Lifecycle Toolkit: Expert Methods for Designing, Developing, and Deploying Data Warehouses},
year={1998}}

%author={KIMBALL, Ralph; ROSS, Margy},
@book{dw-kimball-2013, 
address={Indianapolis, Indiana},
author={KIMBALL, Ralph; ROSS, Margy}, 
publisher={John Wiley & Sons, Inc}, 
title={The Data Warehouse Toolkit: Trird Edition, The Definitive Guide to Dimensional Modeling},
year={2013}}

@book{noronha-2013, 
author={NORONHA, Vanessa}, 
title={Business Intelligence. Conjunto de softwares que ajudam em decisões estratégicas},
year={2013}}

@book{bi-turban-2009, 
address={Porto Alegre},
author={TURBAN, Efraim; SHARDA, Ramesh; ARONSON, Jay; KING, David}, publisher={Bookman}, 
title={Business Intelligence: um enfoque gerencial para a inteligência do negócio},
year={2009}}

@book{si-laudon-2009, 
address={S\~{a}o Paulo},
author={LAUDON, Kenneth C}, 
publisher={Pearson Prentice Hall}, 
title={Sistemas de Informa\c{c}\~{o}es Gerenciais},
edition={7.ed},
year={2009}}

@book{si-oliveira-1998, 
address={S\~{o} Paulo},
author={OLIVEIRA, D. P. R}, 
publisher={Atlas}, 
title={Sistemas de Informa\c{c}\~\ões Gerenciais},
year={1998}}

@book{si-stair-1998, 
address={Rio de Janeiro},
author={STAIR, R. M}, 
publisher={LTC - Livros Técnicos e Científicos}, 
title={Princípios de sistemas de informação, uma abordagem gerencial},
year={1998}}

@book{si-falsarella-chaves-1998, 
author={FALSARELLA, O. M.; CHAVES, E. O. C.}, 
publisher={Revista de Informática, v. 3, n. 1}, 
title={Sistemas de informa\c{c}\~{a}o e sistemas de apoio \`{a} decis\~{a}os},
year={2004}}

@book{si-gupta-2001, 
address={S\~{a}o Paulo},
author={GOVINDARAJAN, Vijay; GUPTA, Anil K.}, 
publisher={Makron Books}, 
title={Fixando uma dire\c{c}\~{a}o no novo ambiente global. In: Dominando os mercados globais: o seu guia para a globaliza\c{c}\~{a}o},
year={2001}}

@book{si-inmon-1997, 
address={Rio de Janeiro},
author={INMON, William H.}, 
publisher={Campus}, 
title={Como construir o data warehouse.},
year={1997}}

@book{si-inmon-2001, 
address={S\~{a}o Paulo},
author={INMON, William H.; TERDEMAN, R. H.; IMHOFF, Claudia.}, 
publisher={Berkeley}, 
title={Data warehousing: como transformar informa\c{c}\~{o}es em oportunidades de negócios.},
year={2001}}

@book{bi-elena-2011, 
author={ELENA, C}, 
title={\textit{Business intelligence. Journal of Knowledge Management, Economics and Information Technology}.},
url={http://www.scientificpapers.org/wp-content/files/1102_Business_intelligence.pdf},
urlaccessdate={22 jul. 2020},
year={2011}}

@book{bi-cortes-2008, 
address={S\~{a}o Paulo},
author={CORTÊS, Pedro Luiz.}, 
title={Administra\c{c}\~{a}o de Sistemas de Informa\c{c}\~{a}o.},
publisher={Saraiva},
year={2008}}

@book{bi-imhoff-2006, 
author={IMHOFF, C.}, 
title={\textit{Enterprise Business Intelligence}.},
publisher={INTELLIGENT SOLUTION},
year={2006}}

@book{bi-airinei-2009, 
address={S\~{a}o Paulo},
author={AIRINEI, D. & HOMOCIANU, D.}, 
title={\textit{Dss vs. business intelligence.}.},
publisher={Revista Economica, Suplemento(2), 7–11},
year={2009}}

@book{bi-baltzan-2012, 
address={Porto Alegre: },
author={BALTZAN, P. & PHILLIPS, A.}, 
title={Sistemas de Informa\c{c}\~{a}o. (R. Dubal, Trans.) (p. 369).},
publisher={AMGH},
year={2012}}

@book{bi-turban-2013, 
address={Porto Alegre},
author={TURBAN, E. & VOLONIMO, L.}, 
title={Business Intelligence e Suporte à Decis\~{a}o. In A. Evers (Trans.), Tecnologia da Informa\c{c}\~{a}o para Gest\~{a}o: em busca do melhor desempenho estrat\'{e}gico e operacional (8th ed., p. 468).},
publisher={Saraiva},
year={2013}}

@book{bi-machado-2018, 
address={São Paulo},
author={MACHADO, F. N. R.; de ABREU, M. P.}, 
title={Projeto de Banco de Dados: Uma Visão Prática - Edi\c{c}\~{a}o Revisada e Ampliada.},
publisher={Érica},
year={2018}}

@book{bi-larson-2006, 
author={LARSON, AGARWAL}, 
title={Eager aggregation and lazy aggregation.},
year={2006}}


Chuck     Ballard,     D.     M.     (2006).     Dimensional Modeling:    In    a    Business    Intelligence Environment. IBM Corporation.

@book{olap-ballard-2006,
author={Chuck BALLARD, D.M.}, 
title={\textit{Dimensional Modeling: In a Business Intelligence Environment}.},
publisher={\textit{IBM Corporation}},
year={2018}}

% ARTIGOS
@article{modelo-relacional-battisti,
author={BATTISTI, Julio}, 
title={O modelo relacional de dados.},
url={http://wwwhttp://www.juliobattisti.com.br/artigos/office/modelorelacional_p1.asp},
urlaccessdate={21 jul. 2020},
year={2014}}

@article{olap-microsoft-2020,
author={Microsoft Corporation}, 
title={\textit{OLE DB for OLAP Overview}},
url={https://docs.microsoft.com/en-us/previous-versions/windows/desktop/ms714903(v=vs.85)},
urlaccessdate={21 Ago. 2020},
year={2020}}